<?xml version="1.0" encoding="UTF-8"?><collection xmlns="http://www.loc.gov/MARC21/slim"><record><leader>00330nam--2200109-i-4500</leader><controlfield tag="001">000028033</controlfield><controlfield tag="002">20161230</controlfield><controlfield tag="005">20161230201037</controlfield><controlfield tag="008">060222s1000------------r-----000-0-eng-d</controlfield><datafield ind1=" " ind2=" " tag="245"><subfield code="a">Legislatia uzuala contabila-financiara. texte oficiale cu modificarile pina la 1 mai 1962</subfield></datafield><datafield ind1=" " ind2=" " tag="260"><subfield code="a">Bucuresti, Ed.Stiintifica, 1962, 922p</subfield></datafield><datafield ind1=" " ind2=" " tag="852"><subfield code="a">8445</subfield></datafield></record></collection>